@BOOK{milenkovic2020internet,
  title={Internet of Things: Concepts and System Design},
  author={Milenkovic, Milan},
  year={2020},
  publisher={Springer}
}



@ARTICLE{Figueredo:2009dg,
	author = {Figueredo, A.~J. and Wolf, P. S.~A.},
	title = {Assortative pairing and life history strategy - a cross-cultural study.},
	journal = {Human Nature},
	volume = {20},
	pages = {317-330},
	year = {2009}
}

@BOOK{Smith:2012qr,
	title = {{B}ook {T}itle},
	publisher = {Publisher},
	author = {Smith, J.~M. and Jones, A.~B.},
	year = {2012},
	edition = {7th},
}
